@article{Hagen1839,
author = {Hagen, G.},
title = {Ueber die Bewegung des Wassers in engen cylindrischen RÃ¶hren},
journal = {Annalen der Physik},
volume = {122},
number = {3},
pages = {423-442},
doi = {https://doi.org/10.1002/andp.18391220304},
year = {1839}
}

@article{Sutera2003,
author = {Sutera, S and Skalak, R},
year = {2003},
month = {11},
pages = {1-20},
title = {The History of Poiseuille's Law},
volume = {25},
journal = {Annual Review of Fluid Mechanics},
doi = {10.1146/annurev.fl.25.010193.000245}
}

@book{rhodes2008,
	title = {Introduction to {Particle} {Technology}},
	isbn = {978-0-470-01427-1},
	publisher = {Wiley},
	author = {Rhodes, M.J.},
	year = {2008},
}

@ARTICLE{Stokes,
       author = {{Stokes}, G.~G.},
        title = "{On the Effect of the Internal Friction of Fluids on the Motion of Pendulums}",
      journal = {Transactions of the Cambridge Philosophical Society},
         year = 1851,
        month = jan,
       volume = {9},
        pages = {8},
}